<?xml version="1.0" encoding="UTF-8"?>
<OAI-PMH xmlns="http://www.openarchives.org/OAI/2.0/" xmlns:xsi="http://www.w3.org/2001/XMLSchema-instance" xsi:schemaLocation="http://www.openarchives.org/OAI/2.0/ http://www.openarchives.org/OAI/2.0/OAI-PMH.xsd">
  <ListRecords>
    <record>
      <header>
        <identifier>aleph-publish:001499877</identifier>
      </header>
      <metadata>
        <record xmlns="http://www.ddb.de/professionell/mabxml/mabxml-1.xsd">
          <leader>00450nM2.01200024------h</leader>
          <controlfield tag="LDR">00450nM2.01200024------h</controlfield>
          <controlfield tag="FMT">MH</controlfield>
          <datafield tag="001" ind1="-" ind2="1">
            <subfield code="a">HT017055615</subfield>
          </datafield>
          <datafield tag="002" ind1="a" ind2="1">
            <subfield code="a">20111201</subfield>
          </datafield>
          <datafield tag="003" ind1="-" ind2="1">
            <subfield code="a">20130218</subfield>
          </datafield>
          <datafield tag="020" ind1="b" ind2="1">
            <subfield code="a">BV039732615</subfield>
          </datafield>
          <datafield tag="026" ind1="-" ind2="1">
            <subfield code="a">BVBBV039732615</subfield>
          </datafield>
          <controlfield tag="030">a|1uc||||||37</controlfield>
          <datafield tag="036" ind1="a" ind2="1">
            <subfield code="a">DE</subfield>
          </datafield>
          <datafield tag="037" ind1="b" ind2="1">
            <subfield code="a">ger</subfield>
          </datafield>
          <controlfield tag="050">a|||||||||||||</controlfield>
          <controlfield tag="051">te||||||</controlfield>
          <datafield tag="070" ind1="-" ind2="1">
            <subfield code="a">107</subfield>
          </datafield>
          <datafield tag="070" ind1="b" ind2="1">
            <subfield code="a">6</subfield>
          </datafield>
          <datafield tag="080" ind1="-" ind2="1">
            <subfield code="a">60</subfield>
          </datafield>
          <datafield tag="100" ind1="b" ind2="1">
            <subfield code="p">Rösch, Gertrud M.</subfield>
            <subfield code="d">1959-</subfield>
            <subfield code="9">(DE-588)129585734</subfield>
            <subfield code="b">[Hrsg.]</subfield>
          </datafield>
          <datafield tag="331" ind1="-" ind2="1">
            <subfield code="a">Fakten und Fiktionen</subfield>
          </datafield>
          <datafield tag="335" ind1="-" ind2="1">
            <subfield code="a">Werklexikon der deutschsprachigen Schlüsselliteratur ; 1900 - 2010</subfield>
          </datafield>
          <datafield tag="359" ind1="-" ind2="1">
            <subfield code="a">hrsg. von Gertrud Maria Rösch</subfield>
          </datafield>
          <datafield tag="410" ind1="-" ind2="1">
            <subfield code="a">Stuttgart</subfield>
          </datafield>
          <datafield tag="412" ind1="-" ind2="1">
            <subfield code="a">Hiersemann</subfield>
          </datafield>
          <datafield tag="425" ind1="b" ind2="1">
            <subfield code="a">2011</subfield>
          </datafield>
          <datafield tag="451" ind1="-" ind2="1">
            <subfield code="a">Hiersemanns bibliographische Handbücher ; 21</subfield>
          </datafield>
          <datafield tag="453" ind1="-" ind2="1">
            <subfield code="a">HT001260573</subfield>
          </datafield>
          <datafield tag="455" ind1="-" ind2="1">
            <subfield code="a">21</subfield>
          </datafield>
          <datafield tag="456" ind1="-" ind2="1">
            <subfield code="a">21</subfield>
          </datafield>
          <datafield tag="523" ind1="-" ind2="1">
            <subfield code="p">Erschienen</subfield>
            <subfield code="a">Halbbd. 1 - 2</subfield>
          </datafield>
          <datafield tag="540" ind1="a" ind2="1">
            <subfield code="a">978-3-7772-1129-9</subfield>
          </datafield>
          <datafield tag="700" ind1="l" ind2="1">
            <subfield code="a">206</subfield>
          </datafield>
          <datafield tag="700" ind1="l" ind2="1">
            <subfield code="a">200</subfield>
          </datafield>
          <datafield tag="902" ind1="-" ind2="1">
            <subfield code="s">Deutsch</subfield>
            <subfield code="9">(DE-588)4113292-0</subfield>
          </datafield>
          <datafield tag="902" ind1="-" ind2="1">
            <subfield code="s">Schlüsselliteratur</subfield>
            <subfield code="9">(DE-588)4179761-9</subfield>
          </datafield>
          <datafield tag="902" ind1="-" ind2="1">
            <subfield code="z">Geschichte 1900-2010</subfield>
          </datafield>
          <datafield tag="902" ind1="-" ind2="1">
            <subfield code="f">Wörterbuch</subfield>
          </datafield>
          <controlfield tag="SYS">001499877</controlfield>
          <datafield tag="PSW" ind1="-" ind2="1">
            <subfield code="s">Neuhochdeutsch</subfield>
            <subfield code="9">(DE-588)4113292-0</subfield>
          </datafield>
          <datafield tag="PSW" ind1="-" ind2="1">
            <subfield code="s">Deutsche Sprache</subfield>
            <subfield code="9">(DE-588)4113292-0</subfield>
          </datafield>
          <datafield tag="PSW" ind1="-" ind2="1">
            <subfield code="s">Hochdeutsch</subfield>
            <subfield code="9">(DE-588)4113292-0</subfield>
          </datafield>
          <datafield tag="PSW" ind1="-" ind2="1">
            <subfield code="s">Neuhochdeutsch</subfield>
            <subfield code="9">(DE-588)4113292-0</subfield>
          </datafield>
          <datafield tag="PSW" ind1="-" ind2="1">
            <subfield code="s">Deutsche Sprache</subfield>
            <subfield code="9">(DE-588)4113292-0</subfield>
          </datafield>
          <datafield tag="PSW" ind1="-" ind2="1">
            <subfield code="s">Hochdeutsch</subfield>
            <subfield code="9">(DE-588)4113292-0</subfield>
          </datafield>
          <datafield tag="PPE" ind1="-" ind2="1">
            <subfield code="p">Rösch, Gertrud Maria</subfield>
            <subfield code="d">1959-</subfield>
            <subfield code="9">(DE-588)129585734</subfield>
          </datafield>
          <datafield tag="PPE" ind1="-" ind2="1">
            <subfield code="p">Rösch, Gertrud Maria</subfield>
            <subfield code="d">1959-</subfield>
            <subfield code="9">(DE-588)129585734</subfield>
          </datafield>
          <datafield tag="PPE" ind1="-" ind2="1">
            <subfield code="p">Rösch, Gertrud Maria</subfield>
            <subfield code="d">1959-</subfield>
            <subfield code="9">(DE-588)129585734</subfield>
          </datafield>
          <datafield tag="PPE" ind1="-" ind2="1">
            <subfield code="p">Rösch, Gertrud Maria</subfield>
            <subfield code="d">1959-</subfield>
            <subfield code="9">(DE-588)129585734</subfield>
          </datafield>
          <datafield tag="PSW" ind1="-" ind2="1">
            <subfield code="s">Neuhochdeutsch</subfield>
            <subfield code="9">(DE-588)4113292-0</subfield>
          </datafield>
          <datafield tag="PSW" ind1="-" ind2="1">
            <subfield code="s">Deutsche Sprache</subfield>
            <subfield code="9">(DE-588)4113292-0</subfield>
          </datafield>
          <datafield tag="PSW" ind1="-" ind2="1">
            <subfield code="s">Hochdeutsch</subfield>
            <subfield code="9">(DE-588)4113292-0</subfield>
          </datafield>
          <datafield tag="700" ind1=" " ind2=" ">
            <subfield code="a">BTQ</subfield>
          </datafield>
          <datafield tag="OWN" ind1=" " ind2=" ">
            <subfield code="a">P0001</subfield>
            <subfield code="n">466 - Paderborn: UB</subfield>
          </datafield>
          <datafield tag="655" ind1=" " ind2=" ">
            <subfield code="y">Fakten und Fiktionen</subfield>
            <subfield code="t">VIEW</subfield>
            <subfield code="u">http://digitool.hbz-nrw.de:1801/webclient/DeliveryManager?pid=4873838&amp;custom_att_2=simple_viewer</subfield>
          </datafield>
          <datafield tag="TXT" ind1=" " ind2=" ">
            <subfield code="a">TITEL: FAKTEN UND FIKTIONEN AUTOR: ROESCH, GERTRUD M JAHR: 2011 INHALT ERSTER HALBBAND EINLEITUNG ...................................................................... IX ZUM BEGRIFF SCHLUESSELLITERATUR ............................................... IX ZUM VORLIEGENDEN HANDBUCH ............................................... XII THEMATISCHE UND HISTORISCHE SCHWERPUNKTE DER BEITRAEGE .................... XII ZUR KONZEPTION DES HANDBUCHS ............................................ XV ZU DEN BEITRAEGEN ........................................................... XVI DANK ....................................................................... XVII ABGEKUERZT ZITIERTE LITERATUR UND SIGLEN ........................................ XIX MITARBEITERINNEN UND MITARBEITER .............................................. XX BEITRAEGE ......................................................................... L 1 ANDRES, STEFAN ........................................................ 1 2 APITZ, BRUNO .......................................................... 5 3 BACHMANN, INGEBORG .................................................. 10 4 BECHER, ULRICH ......................................................... 13 5 BECKER, THORSTEN ...................................................... 20 6 BERGENGRUEN, WERNER .................................................. 27 7 BERNHARD, THOMAS .................................................... 31 8 BETTAUER, HUGO ........................................................ 36 9 BEYER, MARCEL ......................................................... 39 10 BIENEK, HORST ......................................................... 44 11 BIERBAUM, OTTO JULIUS ................................................. 50 12 BILLER, MAXIM ......................................................... 54 13 BILSE, FRITZ OSWALD .................................................... 58 14 BITTEL, KARL HEINZ ..................................................... 61</subfield>
          </datafield>
          <datafield tag="TXT" ind1=" " ind2=" ">
            <subfield code="a">15 BOELL, HEINRICH ......................................................... 66 16 BOOCK, PETER JUERGEN ................................................... 77 17 BORN, NICOLAS ......................................................... 80 18 BROCH, HERMANN ...................................................... 82 INHALT 19 BROD, MAX ............................................................ 86 20 BRUSSIG, THOMAS ...................................................... 89 21 CANETTI, ELIAS ......................................................... 96 22 CONRAD, MICHAEL GEORG ............................................... 100 23 DELIUS, FRIEDRICH CHRISTIAN ............................................ 104 24 DIECKMANN, HEINZ .................................................... 114 25 DOEBLIN, BRUNO ALFRED ................................................. 116 26 DOR, MILO ............................................................. 120 27 DORN, THEA ........................................................... 123 28 EBERMAYER, ERICH ...................................................... 127 29 ERNST, OTTO ............................................................ 130 30 ERPENBECK, JENNY ..................................................... 135 31 ESSIG, HERMANN ....................................................... 137 32 FALLADA, HANS ......................................................... 141 33 FEUCHTWANGER, LION ................................................... 146 34 FLAKE, OTTO ........................................................... 155 35 FRANK, BRUNO ......................................................... 158 36 FRISCH, MAX ........................................................... 163 37 GLAESER, ERNST ......................................................... 169 38 GLAUSER, FRIEDRICH ..................................................... 179 39 GOETZ, RAINALD MARIA ................................................. 182</subfield>
          </datafield>
          <datafield tag="TXT" ind1=" " ind2=" ">
            <subfield code="a">40 GOLL, CIAIRE ........................................................... 188 41 GRASS, GUENTER ......................................................... 193 42 GROND, WALTER ........................................................ 222 43 GRUENBERG, KARL ........................................................ 226 44 GSTREIN, NORBERT ...................................................... 228 45 HANDKE, PETER ......................................................... 232 46 HARDING, PETER ........................................................ 240 47 HASENCLEVER, WALTER ................................................... 245 48 HAUPTMANN, CARL ..................................................... 249 49 HEIN, CHRISTOPH ....................................................... 254 50 HEINE, THOMAS THEODOR .............................................. 258 51 HENSCHEID, ECKHARD ................................................... 261 52 HERRMANN-NEISSE, MAX ................................................ 276 53 HESSE, HERMANN ...................................................... 280 54 HEYM, STEFAN ......................................................... 284 55 HILBIG, WOLFGANG ...................................................... 308 56 HILSENRATH, EDGAR ..................................................... 311 57 HUERLIMANN, THOMAS .................................................. 317 58 JACQUES, JOHAN NORBERT ............................................... 323 59 JELINEK, ELFRIEDE ....................................................... 327 60 JOHNSON, UWE ......................................................... 334 61 JUENGER, ERNST .......................................................... 340 VI INHALT 62 KANT, HERMANN ....................................................... 344 63 KAUS, GINA ............................................................ 347 64 KEMPOWSKI, WALTER ................................................... 350</subfield>
          </datafield>
          <datafield tag="TXT" ind1=" " ind2=" ">
            <subfield code="a">65 KIRCHHOFF, BODO ....................................................... 354 66 KLIER, WALTER .......................................................... 363 67 KOEPPEN, WOLFGANG ................................................... 366 68 KOLB, ANNETTE ......................................................... 371 69 KUMPFMUELLER, MICHAEL ................................................ 377 70 KURBJUWEIT, DIRK ...................................................... 380 71 LANDSBERGER, ARTUR .................................................... 382 72 LANGE-MUELLER, KATJA ................................................... 390 73 LENZ, SIEGFRIED ........................................................ 393 74 LERNET-HOLENIA, ALEXANDER ............................................ 397 75 LOEST, ERICH ........................................................... 399 BEITRAEGE ZWEITER HALBBAND 76 MANN, HEINRICH 94 REINACHER, EDUARD 77 MANN, KLAUS 95 REVENTLOW, FRANZISKA ZU 78 MANN, THOMAS 96 RICHTER, HANS WERNER 79 MARON, MONIKA 97 RILKE, RAINER MARIA 80 MAUTZ, KURT 98 ROSEI, PETER 81 MEHRING, WALTER 99 ROSENDORFER, HERBERT 82 MEIR, GERHARD 100 ROTH, JOSEPH 83 MENASSE, ROBERT 101 RUEDERER, JOSEF 84 MOERS, WALTER 102 SAHL, HANS 85 MORGENSTERN, SOMA 103 SCHAEFFER, ALBRECHT 86 MOSEBACH, MARTIN 104 SCHICKELE, RENE 87 MUELLER, HERTA 105 SCHINDEL, ROBERT 88 MUSIL, ROBERT 106 SCHLATTNER, EGINALD 89 ORTHEIL, HANNS-JOSEF 107 SCHLEIME, CORNELIA 90 RANSMAYR, CHRISTOPH 108 SCHMITZ, OSCAR 91 RECK-MALLECZEWEN, FRITZ 109 SCHNEIDER, PETER 92 REGER, ERIK 110 SCHNITZLER, ARTHUR 93 REGLER, GUSTAV 111 SCHULLERN, HEINRICH VON VII INHALT 112 SEBALD, WINFRIED GEORG 123 WEISENBORN, GUENTHER 113 SEGHERS, ANNA 124 WEISS, ERNST 114 SPARSCHUH, JENS 125 WEISS, PETER 115 STEINBERG, WERNER 126 WERFEL, FRANZ 116 TEILKAMP, UWE 127 WIDMER, URS 117 TERGIT, GABRIELE 128 WITTEIS, FRITZ 118 TIMM, UWE 129 WITTSTOCK, JOACHIM 119 TREICHEL, HANS-ULRICH 130 WOLF, CHRISTA 120 WALSER, MARTIN 131 ZACH, MANFRED</subfield>
          </datafield>
          <datafield tag="TXT" ind1=" " ind2=" ">
            <subfield code="a">121 WALTHER, JENS 132 ZWEIG, ARNOLD 122 WALTHER, JOACHIM 133 ZWERENZ, GERHARD REGISTER REGISTER DER HISTORISCHEN PERSONEN WERKREGISTER SACHREGISTER ORTSREGISTER WIEDERABDRUCK DES REGISTERS VON BAND II: ENTSCHLUESSELUNG DEUTSCHER ROMANE UND DRAMEN» DES WERKES DIE SCHLUESSELLITERATUR» VON GEORG SCHNEIDER (1952)</subfield>
          </datafield>
          <datafield tag="PLK" ind1=" " ind2=" ">
            <subfield code="a">SRU</subfield>
            <subfield code="l">PAD01</subfield>
            <subfield code="b">000215104</subfield>
            <subfield code="m">21.^Fakten und Fiktionen.^2011</subfield>
            <subfield code="n">Hiersemanns bibliographische Handbücher.^1979</subfield>
          </datafield>
          <datafield tag="PLK" ind1=" " ind2=" ">
            <subfield code="a">DN</subfield>
            <subfield code="l">PAD01</subfield>
            <subfield code="b">001499879</subfield>
            <subfield code="m">Fakten und Fiktionen.^2011</subfield>
            <subfield code="n">1;^.^Andres bis Loest.^2011</subfield>
          </datafield>
          <datafield tag="PLK" ind1=" " ind2=" ">
            <subfield code="a">DN</subfield>
            <subfield code="l">PAD01</subfield>
            <subfield code="b">001499880</subfield>
            <subfield code="m">Fakten und Fiktionen.^2011</subfield>
            <subfield code="n">2;^.^Heinrich Mann bis Zwerenz.^2013</subfield>
          </datafield>
          <datafield tag="LOC" ind1=" " ind2=" ">
            <subfield code="m">UEO</subfield>
            <subfield code="a">P0001</subfield>
            <subfield code="b">10</subfield>
            <subfield code="d">BTQ2320-...</subfield>
            <subfield code="n">30</subfield>
            <subfield code="k">00000000</subfield>
            <subfield code="5">1499913-20</subfield>
          </datafield>
        </record>
      </metadata>
    </record>
  </ListRecords>
</OAI-PMH>
